<?xml version="1.0" encoding="UTF-8"?><collection xmlns="http://www.loc.gov/MARC21/slim"><record><leader>00716nam--2200193-i-4500</leader><controlfield tag="001">000016963</controlfield><controlfield tag="002">20161230</controlfield><controlfield tag="005">20161230201032</controlfield><controlfield tag="008">060222s1000------------r-----000-0-eng-d</controlfield><datafield ind1=" " ind2=" " tag="040"><subfield code="a">IFIN-HH</subfield></datafield><datafield ind1=" " ind2=" " tag="080"><subfield code="a">621.039.83</subfield></datafield><datafield ind1="1" ind2=" " tag="100"><subfield code="a">Asher, Y.J</subfield></datafield><datafield ind1=" " ind2=" " tag="245"><subfield code="a">Agricultural feedstock and waste treatment and engineering</subfield><subfield code="c">Y.j. asher; g.p. cosentino; z. duvnjak; n. kosaric; h.c. lim; r. luttmann; r.j. magee; a. munack; s.j. parulekar; m. thoma; a. wieczorek (with contributions by)</subfield></datafield><datafield ind1=" " ind2=" " tag="260"><subfield code="a">Berlin</subfield><subfield code="b">Springer-verlag</subfield><subfield code="c">1985</subfield></datafield><datafield ind1=" " ind2=" " tag="300"><subfield code="a">267 P</subfield></datafield><datafield ind1=" " ind2=" " tag="490"><subfield code="a">Advances In Biochemical Engineering/Biotechnology</subfield><subfield code="v">Vol. 32</subfield></datafield><datafield ind1="1" ind2=" " tag="700"><subfield code="a">Wieczorek, A</subfield><subfield code="e">Contributor</subfield></datafield><datafield ind1=" " ind2=" " tag="852"><subfield code="a">79324</subfield><subfield code="c">577.1</subfield></datafield><datafield ind1=" " ind2=" " tag="CAT"><subfield code="a">Sys</subfield><subfield code="c">20110411</subfield><subfield code="h">112756</subfield></datafield></record></collection>